
@book{
	Brigham:1988:FFT:83,
	author = {Brigham, E. Oran},
	title = {The Fast Fourier Transform and Its Applications},
	year = {1988},
	isbn = {0-13-307505-2},
	publisher = {Prentice-Hall, Inc.},
	address = {Upper Saddle River, NJ, USA},
	pages = {83-87},
}

@book{
	Brigham:1988:FFT:131,
	author = {Brigham, E. Oran},
	title = {The Fast Fourier Transform and Its Applications},
	year = {1988},
	isbn = {0-13-307505-2},
	publisher = {Prentice-Hall, Inc.},
	address = {Upper Saddle River, NJ, USA},
	pages = {131-136},
}

@book{
	Brigham:1988:FFT:148,
	author = {Brigham, E. Oran},
	title = {The Fast Fourier Transform and Its Applications},
	year = {1988},
	isbn = {0-13-307505-2},
	publisher = {Prentice-Hall, Inc.},
	address = {Upper Saddle River, NJ, USA},
	pages = {148-156},
}

@article{
	Neto:2010:ReconhecimentoVozCadeiraRodas,
	author = {Jesus A. O. Neto; Marco A. A. Castro; Leonardo B. Felix},
	title = {Reconhecimento de comandos de voz para o acionamento de cadeira de rodas},
	journal = {Anais do XVIII Congresso Brasileiro de Automática},
	year = {2010},
	pages = {3819-3824},
}

@conference{
	Thiang:2007:SpeechRecognitionWheelchair,
  author    = {Thiang},
  title     = {Implementation of speech recognition on MCS51 microcontroller for controlling wheelchair},
  booktitle = {Intelligent and Advanced Systems 2007},
  year      = {2007},
  editor    = {IEEE},
  pages     = {1193–1198},
}

@thesis{
	Cardoso:2001:InteligenciaArtificialJudiciario,
	author = {Sérgio Eduardo Cardoso},
	title = {A inteligência artificial no judiciário},
	school = {Universidade Federal de Santa Catarina},
	year = {2001},
	type = {Dissertação},
}

@article{
	Amaral:2004:ReconhecimentoVozAutomaçãoInteligente,
	author = {Marília A. Amaral; Rodolfo Barriviera; Eduardo Cotrin Teixeira},
	title = {Reconhecimento de voz para automação residencial baseado em agentes inteligentes},
	journal = {Revista Eletrônica de Sistemas de Informação},
	year = {2004},
	volume = {3},
	number = {1},
}
